<record><leader>00000cas a22000007a 4500</leader><controlfield tag="001">9554783</controlfield><controlfield tag="008">830527d192519uuohuwr ne      0    0slo d</controlfield><controlfield tag="009">540</controlfield><datafield ind1=" " ind2=" " tag="010"><subfield code="a">sn 83045619 </subfield></datafield><datafield ind1=" " ind2=" " tag="040"><subfield code="a">CRL</subfield><subfield code="b">eng</subfield><subfield code="c">CRL</subfield><subfield code="d">NPW</subfield><subfield code="d">NPY</subfield><subfield code="d">ONP</subfield><subfield code="d">DLC</subfield><subfield code="d">NYS</subfield><subfield code="d">OCLCQ</subfield><subfield code="d">OCLCG</subfield><subfield code="d">OCLCF</subfield><subfield code="d">OCLCO</subfield><subfield code="d">OCLCA</subfield></datafield><datafield ind1="1" ind2=" " tag="029"><subfield code="a">AU@</subfield><subfield code="b">000025816283</subfield></datafield><datafield ind1=" " ind2=" " tag="042"><subfield code="a">msc</subfield></datafield><datafield ind1="0" ind2=" " tag="130"><subfield code="a">Hlas (Cleveland, Ohio : 1925)</subfield></datafield><datafield ind1="0" ind2="0" tag="245"><subfield code="a">Hlas =</subfield><subfield code="b">Voice.</subfield></datafield><datafield ind1="3" ind2="1" tag="246"><subfield code="a">Voice</subfield></datafield><datafield ind1=" " ind2=" " tag="260"><subfield code="a">Cleveland, Ohio :</subfield><subfield code="b">The John Pankuch Co.,</subfield><subfield code="c">1925-</subfield></datafield><datafield ind1=" " ind2=" " tag="300"><subfield code="a">v. :</subfield><subfield code="b">ill. ;</subfield><subfield code="c">55 cm.</subfield></datafield><datafield ind1=" " ind2=" " tag="310"><subfield code="a">Weekly,</subfield><subfield code="b">&lt;1946&gt;</subfield></datafield><datafield ind1=" " ind2=" " tag="321"><subfield code="a">Triweekly,</subfield><subfield code="b">Jan. 5, 1925-&lt;1927&gt;</subfield></datafield><datafield ind1="0" ind2=" " tag="362"><subfield code="a">Vol. 19, no. 59 (Jan. 5, 1925)-</subfield></datafield><datafield ind1=" " ind2=" " tag="500"><subfield code="a">"Slovak independent paper."</subfield></datafield><datafield ind1=" " ind2=" " tag="500"><subfield code="a">Publishers: John Pankuch, Jan. 5, 1925-July 19, 1926; Hlas Print. &amp; Pub. Co., July 21, 1926-&lt;Nov. 30, 1927&gt;; Hlas Pub. Co., &lt;Apr. 11, 1946&gt;.</subfield></datafield><datafield ind1=" " ind2=" " tag="515"><subfield code="a">Later adopted new volume designation.</subfield></datafield><datafield ind1=" " ind2=" " tag="521"><subfield code="a">"Devoted to the interest of the Slovak."</subfield></datafield><datafield ind1=" " ind2=" " tag="546"><subfield code="a">In Slovak.</subfield></datafield><datafield ind1=" " ind2=" " tag="500"><subfield code="a">Editor: John A. Ferienc&#780;ik, 1925.</subfield></datafield><datafield ind1=" " ind2="0" tag="650"><subfield code="a">Slovaks</subfield><subfield code="z">Ohio</subfield><subfield code="v">Newspapers.</subfield></datafield><datafield ind1=" " ind2="7" tag="655"><subfield code="a">Newspapers.</subfield><subfield code="2">fast</subfield><subfield code="0">(OCoLC)fst01423814</subfield></datafield><datafield ind1=" " ind2="7" tag="650"><subfield code="a">Slovaks.</subfield><subfield code="2">fast</subfield><subfield code="0">(OCoLC)fst01121065</subfield></datafield><datafield ind1=" " ind2="7" tag="651"><subfield code="a">Ohio.</subfield><subfield code="2">fast</subfield><subfield code="0">(OCoLC)fst01205075</subfield></datafield><datafield ind1="1" ind2=" " tag="700"><subfield code="a">Pankuch, Ja&#769;n.</subfield></datafield><datafield ind1="1" ind2=" " tag="700"><subfield code="a">Ferienc&#780;i&#769;k, Ja&#769;n A.</subfield><subfield code="q">(Ja&#769;n Adolf),</subfield><subfield code="d">1865-1925.</subfield></datafield><datafield ind1=" " ind2=" " tag="752"><subfield code="a">United States</subfield><subfield code="b">Ohio</subfield><subfield code="c">Cuyahoga</subfield><subfield code="d">Cleveland.</subfield></datafield><datafield ind1="0" ind2="0" tag="780"><subfield code="t">Denny hlas</subfield><subfield code="w">(DLC)sn 83045562</subfield></datafield><datafield ind1=" " ind2=" " tag="936"><subfield code="a">Vol. 13, no. 7 (Apr. 11, 1946) LIC</subfield></datafield></record>